<?xml version="1.0" encoding="UTF-8"?><record xmlns="http://www.loc.gov/MARC21/slim" xmlns:cinclude="http://apache.org/cocoon/include/1.0" xmlns:zs="http://www.loc.gov/zing/srw/">
  <leader>00426nz  a2200121n  4500</leader>
  <controlfield tag="001">n 2012026127</controlfield>
  <controlfield tag="003">DLC</controlfield>
  <controlfield tag="005">20120420074847.0</controlfield>
  <controlfield tag="008">120419n| acannaabn          |n aaa      </controlfield>
  <datafield tag="010" ind1=" " ind2=" ">
    <subfield code="a">n 2012026127</subfield>
  </datafield>
  <datafield tag="040" ind1=" " ind2=" ">
    <subfield code="a">DLC</subfield>
    <subfield code="b">eng</subfield>
    <subfield code="c">DLC</subfield>
  </datafield>
  <datafield tag="100" ind1="1" ind2=" ">
    <subfield code="a">Leclabart, Vincent.</subfield>
  </datafield>
  <datafield tag="670" ind1=" " ind2=" ">
    <subfield code="a">Vendre des salades sans en raconter, c2011:</subfield>
    <subfield code="b">t.p. (Vincent Leclabart) cover p. 4 (preĚsident du groupe de publiciteĚ et de communication indeĚpendant "Australie")</subfield>
  </datafield>
</record>